@article{article1,
    author={Andre Esteva, Brett Kuprel, Roberto A. Novoa, Justin Ko, Susan M. Swetter, Helen M. Blau \& Sebastian Thrun},
    title={Dermatologist-level classification of skin cancer with deep neural networks},
    year={2017},    
}

@article{article2,
    author={Phillip Ly, Doina Bein, Abhishek Verma},
    title={New Compact Deep Learning Model for Skin Cancer Recognition},
    year={2018},  
}

@article{article3,
    author={Amirreza Rezvantalab, Habib Safigholi, Somayeh Karimijeshni},
    title={Dermatologist Level Dermoscopy Skin Cancer Classification Using Different Deep Learning Convolutional Neural Networks Algorithms},
    year={2018},  
}

@article{article4,
    author={Philipp Tschandl, Cliff Rosendahl \& Harald Kittler},
    title={The HAM10000 dataset, a large collection of multi-source dermatoscopic images of common pigmented skin lesions},
    year={2018},  
}